% Encoding: UTF-8

@Book{swissnationalbank_2011,
  title  = {Swiss National Bank sets minimum exchange rate at CHF 1.20 per euro},
  year   = {2011},
  author = {Swiss National Bank},
  url    = {https://www.snb.ch/en/mmr/reference/pre_20110906/source/pre_20110906.en.pdf},
}

@book{swissnationalbank_2015,
	title={Swiss National Bank discontinues minimum exchange rate and lowers interest rate to –0.75\%},
	url={https://www.snb.ch/en/mmr/reference/pre_20150115/source/pre_20150115.en.pdf},
	author={Swiss National Bank},
	year={2015}}

@book{swissnationalbank_2017,
	title={Quarterly Bulletin, 4 / 2017 December},
	url={https://www.snb.ch/en/mmr/reference/quartbul_2017_4_komplett/source/quartbul_2017_4_komplett.en.pdf},
	author={Swiss National Bank},
	year={2017}}

@unpublished{GaudeckerEconProjectTemplates,
	Author = {Hans-Martin von Gaudecker},
	Note = {\url{https://github.com/hmgaudecker/econ-project-templates}},
	Title = {Templates for Reproducible Research Projects in Economics},
	Year = {2014}}

@article{Schelling69,
	Author = {Thomas C. Schelling},
	Journal = {The American Economic Review},
	Number = {2},
	Pages = {488-493},
	Title = {Models of Segregation},
	Volume = {59},
	Year = {1969}}

@unpublished{StachurskiSargent13,
	Author = {John Stachurski and Thomas J. Sargent},
	Note = {{Available at \url{http://quant-econ.net/index.html}}},
	Title = {Quantitative Economics},
	Year = {2013}}

@Article{CarvalhoFilho2015,
  author    = {Irineu de Carvalho Filho},
  title     = {Risk-Off Episodes and Swiss Franc Appreciation: The Role of Capital Flows},
  journal   = {German Economic Review},
  year      = {2015},
  volume    = {16},
  number    = {4},
  pages     = {439--463},
  month     = {jan},
  doi       = {10.1111/geer.12063},
  publisher = {Wiley-Blackwell},
}

@Article{grisse2015financial,
  author    = {Grisse, Christian and Nitschka, Thomas},
  title     = {On financial risk and the safe haven characteristics of Swiss franc exchange rates},
  journal   = {Journal of Empirical Finance},
  year      = {2015},
  volume    = {32},
  pages     = {153--164},
  publisher = {Elsevier},
}

@Article{Abadie2010,
  author    = {Alberto Abadie and Alexis Diamond and Jens Hainmueller},
  title     = {Synthetic Control Methods for Comparative Case Studies: Estimating the Effect of California’s Tobacco Control Program},
  journal   = {Journal of the American Statistical Association},
  year      = {2010},
  volume    = {105},
  number    = {490},
  pages     = {493-505},
  doi       = {10.1198/jasa.2009.ap08746},
  eprint    = {https://doi.org/10.1198/jasa.2009.ap08746},
  publisher = {Taylor \& Francis},
  url       = { 
        https://doi.org/10.1198/jasa.2009.ap08746},
}

@Article{Abadie2003,
  author    = {Alberto Abadie and Javier Gardeazabal},
  title     = {The Economic Costs of Conflict: A Case Study of the Basque Country},
  journal   = {American Economic Review},
  year      = {2003},
  volume    = {93},
  number    = {1},
  pages     = {113--132},
  month     = {feb},
  doi       = {10.1257/000282803321455188},
  publisher = {American Economic Association},
}

@Article{Abadie2014,
  author    = {Alberto Abadie and Alexis Diamond and Jens Hainmueller},
  title     = {Comparative Politics and the Synthetic Control Method},
  journal   = {American Journal of Political Science},
  year      = {2014},
  volume    = {59},
  number    = {2},
  pages     = {495--510},
  month     = {apr},
  doi       = {10.1111/ajps.12116},
  publisher = {Wiley-Blackwell},
}

@Article{Becker2018,
  author    = {Martin Becker and Stefan Klö{\ss}ner},
  title     = {Fast and reliable computation of generalized synthetic controls},
  journal   = {Econometrics and Statistics},
  year      = {2018},
  volume    = {5},
  pages     = {1--19},
  month     = {jan},
  doi       = {10.1016/j.ecosta.2017.08.002},
  publisher = {Elsevier {BV}},
}

@Article{born2017economic,
  author = {Born, Benjamin and M{\"u}ller, Gernot and Schularick, Moritz and Sedlacek, Petr},
  title  = {The Economic Consequences of the Brexit Vote},
  year   = {2017},
}

@Article{Spiegel2015,
  title   = {Was Sie über die Franken-Aufwertung wissen müssen},
  journal = {Spiegel Online},
  year    = {2015},
  note    = {http://www.spiegel.de/wirtschaft/soziales/aufwertung-des-schweizer-franken-das-muessen-sie-jetzt-wissen-a-1013318.html},
}

@Article{Economist2015,
  title   = {Why the Swiss unpegged the franc},
  journal = {The Economist},
  year    = {2015},
  note    = {https://www.economist.com/blogs/economist-explains/2015/01/economist-explains-13},
}

@Article{Ft2017,
  author  = {Matthew C Klein},
  title   = {Have the Swiss National Bank’s currency interventions actually been good for Switzerland?},
  journal = {Financial Times},
  year    = {2017},
  note    = {https://ftalphaville.ft.com/2017/06/02/2189554/have-the-swiss-national-banks-currency-interventions-actually-been-good-for-switzerland/},
}

@Article{si2017,
  author  = {Samuel Jaberg},
  title   = {Zwei Jahre nach dem Frankenschock Schweizer Wirtschaft erholt sich noch immer},
  journal = {swissinfo.ch},
  year    = {2017},
  note    = {https://www.swissinfo.ch/ger/geld-geld-geld_zwei-jahre-nach-frankenschock-schweizer-wirtschaft-erholt-sich-noch-immer/42794148},
}

@Comment{jabref-meta: databaseType:bibtex;}
